% main paper CGAL Visibility Algorithms
@article{DBLP:journals/corr/BungiuHHHK14,
  author    = {Francisc Bungiu and
               Michael Hemmer and
               John Hershberger and
               Kan Huang and
               Alexander Kr{\"{o}}ller},
  title     = {Efficient Computation of Visibility Polygons},
  journal   = {CoRR},
  volume    = {abs/1403.3905},
  year      = {2014},
  url       = {http://arxiv.org/abs/1403.3905},
  eprinttype = {arXiv},
  eprint    = {1403.3905},
  timestamp = {Mon, 13 Aug 2018 16:46:45 +0200},
  biburl    = {https://dblp.org/rec/journals/corr/BungiuHHHK14.bib},
  bibsource = {dblp computer science bibliography, https://dblp.org}
}

% references from main paper, Joe and Simpson Algorithm
@article{joe1987corrections,
  title={Corrections to Lee's visibility polygon algorithm},
  author={Joe, Barry and Simpson, Richard B},
  journal={BIT Numerical Mathematics},
  volume={27},
  number={4},
  pages={458--473},
  year={1987},
  publisher={Springer}
}

% references from main paper, Asano Algorithm
@article{asano1985efficient,
  title={An efficient algorithm for finding the visibility polygon for a polygonal region with holes},
  author={Asano, Tetsuo},
  journal={IEICE TRANSACTIONS (1976-1990)},
  volume={68},
  number={9},
  pages={557--559},
  year={1985},
  publisher={The Institute of Electronics, Information and Communication Engineers}
}

% references from main paper, Art Gallery Problem
@book{o1987art,
  title={Art gallery theorems and algorithms},
  author={O'rourke, Joseph and others},
  volume={57},
  year={1987},
  publisher={Oxford University Press Oxford}
}

% references for main paper, Art Gallery Problem ER-complete
@article{abrahamsen2021art,
  title={The art gallery problem is ER-complete},
  author={Abrahamsen, Mikkel and Adamaszek, Anna and Miltzow, Tillmann},
  journal={ACM Journal of the ACM (JACM)},
  volume={69},
  number={1},
  pages={1--70},
  year={2021},
  publisher={ACM New York, NY}
}

% main paper Simon's Published Thesis
@article{DBLP:journals/corr/abs-2007-06920,
  author    = {Simon B. Hengeveld and
               Tillmann Miltzow},
  title     = {A Practical Algorithm with Performance Guarantees for the Art{\textasciitilde}Gallery
               Problem},
  journal   = {CoRR},
  volume    = {abs/2007.06920},
  year      = {2020},
  url       = {https://arxiv.org/abs/2007.06920},
  eprinttype = {arXiv},
  eprint    = {2007.06920},
  timestamp = {Fri, 04 Jun 2021 11:57:43 +0200},
  biburl    = {https://dblp.org/rec/journals/corr/abs-2007-06920.bib},
  bibsource = {dblp computer science bibliography, https://dblp.org}
}

% main paper
@misc{maleki2022implementation,
      title={Implementation of polygon guarding algorithms for art gallery problems}, 
      author={Shiva Maleki and Ali Mohades},
      year={2022},
      eprint={2201.03535},
      archivePrefix={arXiv},
      primaryClass={cs.CG}
}

% main paper Till's fancy polygon
@article{DBLP:journals/corr/AbrahamsenAM17,
  author    = {Mikkel Abrahamsen and
               Anna Adamaszek and
               Tillmann Miltzow},
  title     = {Irrational Guards are Sometimes Needed},
  journal   = {CoRR},
  volume    = {abs/1701.05475},
  year      = {2017},
  url       = {http://arxiv.org/abs/1701.05475},
  eprinttype = {arXiv},
  eprint    = {1701.05475},
  timestamp = {Mon, 13 Aug 2018 16:48:55 +0200},
  biburl    = {https://dblp.org/rec/journals/corr/AbrahamsenAM17.bib},
  bibsource = {dblp computer science bibliography, https://dblp.org}
}

