% Sorted by this order 


% BOOKS
@misc{RL_Book_Sutton_Barto,
    year={ 
    \textbf{Reinforcement Learning: An introduction} [Book]
    - Richard Sutton and Andrew Barto -
     MIT press, second edition, 2018.\\\\ \textbf{Deep Q-Learning}
     }
}


% Deep Q-Learning

@misc{Atari_DQN_2013, 
    year={
    \textbf{Playing Atari with Deep Reinforcement Learning} (DQN)
    - Volodymyr Mnih, Koray Kavukcuoglu, David Silver, Alex Graves, Ioannis Antonoglou, Daan Wierstra, Martin Riedmiller -
     \href{https://arxiv.org/abs/1312.5602}{arXiv},
    2013.\\\\ \textbf{Policy Optimization}}
}




%  Policy Optimization
@misc{PPO_2017, 
    year={
    \textbf{Proximal Policy Optimization Algorithms} (PPO)
    - John Schulman, Filip Wolski, Prafulla Dhariwal, Alec Radford, Oleg Klimov -
     \href{https://arxiv.org/abs/1707.06347}{arXiv},
    2017}
}



@misc{SAC_2018, 
    year={
    \textbf{Soft Actor-Critic: Off-Policy Maximum Entropy Deep Reinforcement Learning with a Stochastic Actor} (SAC)
    - Tuomas Haarnoja, Aurick Zhou, Pieter Abbeel, Sergey Levine -
     \href{https://arxiv.org/abs/1801.01290}{arXiv},
    2018.\\\\ \textbf{Previous Attempts}}
}

% Previous Attempts

@misc{prev:Slihter_2017_OpenCV, 
    year={
    \textbf{Slither.io Deep Learning Bot} 
    - James Caudill - Senior Project Report, California Polytechnic State University,
 \href{https://digitalcommons.calpoly.edu/cgi/viewcontent.cgi?article=1262&context=cpesp}{Link},
    2017

    }
}


@misc{prev:Slither_2019, 
    year={
    \textbf{Learning to play SLITHER.IO with deep reinforcement learning} 
    - Joan Creus-Costa, Zhanpei Fang - CS229 project report Stanford University, \href{https://cs229.stanford.edu/proj2019aut/data/assignment_308832_raw/26588099.pdf}{Link},
    2019.\\\\ \textbf{Websites}}
}

% WEBSITES
% Spinning_Up
@misc{web:Spinning_Up, 
    year={\href{https://spinningup.openai.com/en/latest/spinningup/rl_intro.html}{https://SpinningUp.OpenAI.com} 
    - Spinning Up by Josh Achiam, OpenAI 2018 - Retrieved Nov. 2021
    }
}
https://spinningup.openai.com/en/latest/index.html

% Slither Community Website
@misc{web:Slitherio_Community, 
    year={\href{https://slitherio-archive.fandom.com/}{https://Slitherio-Archive.Fandom.com/} 
    - Slither.io Wiki, FANDOM Games Community - Retrieved Nov. 2021
    }
}
https://slitherio-archive.fandom.com/

% Slither Wikipediia
@misc{web:Slitherio_Wikipedia, 
    year={\href{https://en.wikipedia.org/wiki/Slither.io
}{https://en.Wikipedia.org/wiki/Slither.io} 
    - Wikipedia - Retrieved Nov. 2021
    }
}
https://en.wikipedia.org/wiki/Slither.io

% RL Applications
@misc{web:RL_Applications, 
    year={\href{https://machinelearningknowledge.ai/8-real-world-applications-of-reinforcement-learning/}{https://MachineLearningKnowledge.ai/8-real-world-applications-of-reinforcement-learning} 
    - By Palash Sharma August 26, 2020
    }
}
https://machinelearningknowledge.ai/8-real-world-applications-of-reinforcement-learning/

