@article{abdeddaim2006scheduling,
  title={Scheduling with timed automata},
  author={Abdedda{\"\i}m, Yasmina and Asarin, Eugene and Maler, Oded and others},
  journal={Theoretical Computer Science},
  volume={354},
  number={2},
  pages={272--300},
  year={2006},
  publisher={Citeseer}
}

@book{cormen2009introduction,
  title={Introduction to algorithms},
  author={Cormen, Thomas H and Leiserson, Charles E and Rivest, Ronald L and Stein, Clifford},
  year={2009},
  publisher={MIT press}
}

@article{ozgur1995two,
  title={A two-stage traveling salesman procedure for the single machine sequence-dependent scheduling problem},
  author={Ozgur, CO and Brown, JR},
  journal={Omega},
  volume={23},
  number={2},
  pages={205--219},
  year={1995},
  publisher={Elsevier}
}

